%%%%%%%%%%%%%%%%%%%%%%%%%%%%%%%%%%%%%%%%%%%%%
%%% EXAMPLES %%%

%@BOOK{,
%    author = "",
%    title = "{}",
%    publisher = "",
%    year = ,
%    edition = ,
%    note = "",
%    url = {}
%    }
    
%@MISC{,
%    author = {},
%	title = {},
%	year = {},
%	url = {},
%	note = {}
%    }
%%%%%%%%%%%%%%%%%%%%%%%%%%%%%%%%%%%%%%%%%%%%%


@MISC{statista-na-estimation,
    author = {Statista},
	title = {Smart Home - Statista Dossier},
	year = {2015},
	url = {http://www.statista.com/study/27165/smart-homes-statista-dossier/},
	note = {Seen: 17-09-2015}
    }
    
@MISC{samsung-smart-home,
    author = {Google Play}
    title = {Samsung Smart Home},
	year = {2015},
	url = {https://play.google.com/store/apps/details?id=com.samsung.smarthome&hl=da},
	note = {Seen: 17-09-2015}
    }    
    
@MISC{smartthings,
    author = {SmartThings},
	title = {Smart Home. Intelligent Living},
	year = {2015},
	url = {http://www.smartthings.com},
	note = {Seen: 18-09-2015}
    }    

@MISC{smartthings-howto,
    author = {SmartThings},
	title = {How it works},
	year = {2015},
	url = {http://www.smartthings.com/how-it-works},
	note = {Seen: 18-09-2015}
    }    
    
@MISC{openhab-architecture,
    author = {openHAB},
	title = {Architecture},
	year = {2015},
	url = {http://www.openhab.org/features/architecture.html},
	note = {Seen: 18-09-2015}
    }
@MISC{openhab-technologies,
    author = {openHAB},
    title = {Technologies},
    year = {2015},
    url = {http://www.openhab.org/features/supported-technologies.html},
    note = {Seen: 18-09-2015}
    }
    
@MISC{insteon,
    author = {Insteon},
	title = {Products},
	year = {2015},
	url = {http://www.insteon.com/products/},
	note = {Seen: 18-09-2015}
    }   
    
@MISC{insteon_api,
    author = {Insteon},
	title = {API documentation},
	year = {2015},
	url = {http://www.docs.insteon.apiary.io/},
	note = {Seen: 18-09-2015}
    }   
    
@MISC{nest,
    author = {Nest Labs},
	title = {Nest},
	year = {2015},
	url = {http://www.nest.com},
	note = {Seen: 18-09-2015}
    }      
   
@MISC{nest-dev,
    author = {Nest Labs},
	title = {Nest Developer Program},
	year = {2015},
	url = {https://developer.nest.com/},
	note = {Seen: 18-09-2015}
    }   
    
@MISC{logitechmyharmony,
    author = {Logitech},
	title = {Logitech},
	year = {2015},
	url = {http://myharmony.com/},
	note = {Seen: 18-09-2015}
    }     

@MISC{wemo-smarthome,
    author = {Belkin},
	title = {WeMo},
	year = {2015},
	url = {http://www.wemo.com/},
	note = {Seen: 18-09-2015}
    }

@MISC{disabled-smart-home,
    author = {Shalene Gupta},
	title = {For the disabled, smart homes are home sweet home},
	year = {2015},
	month = {February},
	day = {1},
	url = {http://fortune.com/2015/02/01/disabled-smart-homes/},
	note = {Seen: 30-09-2015}
    }
    
@MISC{dst-elektronik,
    author = {Danmarks Statistik},
	title = {Elektronik i hjemmet},
	year = {2015},
	url = {http://www.dst.dk/da/Statistik/emner/forbrug/elektronik-i-hjemmet},
	note = {Seen: 02-10-2015}
    }
    
@MISC{rest-wikipedia,
    author = {Wikipedia},
	title = {Representational state transfer},
	year = {2015},
	url = {https://en.wikipedia.org/wiki/Representational_state_transfer},
	note = {Seen: 02-10-2015}
    }
    
@MISC{rest-elkstein,
    author = {Dr. M. Elkstein},
	title = {Learn REST: A Tutorial},
	year = {2015},
	url = {http://rest.elkstein.org/},
	note = {Seen: 02-10-2015}
    }
    
@BOOK{computer-networking,
    author = "James F. Kurose, Keith W. Ross",
    title = "{Computer Networking: A Top Down Approach}",
    publisher = "Pearson",
    year = 2012,
    edition = 6th,
    note = "",
    url = {http://www.amazon.com/Computer-Networking-Top-Down-Approach-6th/dp/0132856204/}
    }
    
@MISC{self-dos-smart-house,
    author = {Kashmir Hill},
	title = {This guyâ€™s light bulb performed a DoS attack on his entire smart house},
	year = {2015},
	url = {http://fusion.net/story/55026/this-guys-light-bulb-ddosed-his-entire-smart-house/},
	note = {Seen: 07-10-2015}
    }

@MISC{soap-w3school,
    author = {w3schools},
	title = {XML SOAP},
	year = {2015},
	url = {http://www.w3schools.com/xml/xml_soap.asp},
	note = {Seen: 08-10-2015}
    }

@MISC{overview-smart-home-environment,
    author = {Costin B\u adic\u a, Marius Brezovan, Amelia B\u adic\u a},
	title = {An Overview of Smart Home Environments: Architectures, Technologies and Applications},
	day = {19-21},
	month = {September},
	year = {2013},
	url = {http://ceur-ws.org/Vol-1036/p78-Badica.pdf},
	note = {Seen: 09-10-2015}
    }







